@online{AM2321,
  author  = {{Aosong Electronics Co.,Ltd}},
  title   = {AM2321 product manual},
  url     = {http://akizukidenshi.com/download/ds/aosong/AM2321_e.pdf},
  urldate = {2020-02-20}
}

@thesis{ARDUGREENHOUSE,
  author = {Lukáš Holeka},
  title  = {Zavlažovací systém skleníku},
  school = {Střední průmyslová škola elektrotechnická a Vyšší odborná škola Pardubice},
  url    = {http://stretech.fs.cvut.cz/2018/sbornik_2018/pdf/69.pdf},
  date   = {2020-02-20}
}

@online{DHT22,
  author  = {{Aosong Electronics Co.,Ltd}},
  title   = {DHT22 datasheet},
  url     = {https://www.sparkfun.com/datasheets/Sensors/Temperature/DHT22.pdf},
  urldate = {2020-02-10}
}

@online{DS18B20,
  author  = {{Maxim Integrated}},
  title   = {DS18B20 datasheet},
  url     = {https://datasheets.maximintegrated.com/en/ds/DS18B20.pdf},
  urldate = {2020-02-10}
}

@misc{I2C_specs,
  author  = {{NXP Semiconductors}},
  title   = {I2C-bus specification and user manual},
  url     = {https://www.nxp.com/docs/en/user-guide/UM10204.pdf},
  urldate = {2020-02-1}
}

@online{IP_ratings,
  author  = {{The Enclosure Company Ltd}},
  title   = {IP Rated Enclosures Explained},
  url     = {https://www.enclosurecompany.com/ip-ratings-explained.php},
  urldate = {2020-02-18}
}

@thesis{JANUS,
  author = {Tomáš Rohlínek},
  title  = {Modulární stavba soutěžních robotů},
  school = {Střední průmyslová škola a Vyšší odborná škola Brno, Sokolská,
příspěvková organizace},
  url    = {https://github.com/haberturdeur/Janus_Text/blob/master/text.pdf},
  date   = {2020-02-20}
}

@online{L78,
  author  = {{STMicroelectronics}},
  title   = {L78xx datasheet},
  url     = {https://www.st.com/content/ccc/resource/technical/document/datasheet/41/4f/b3/b0/12/d4/47/88/CD00000444.pdf/files/CD00000444.pdf/jcr:content/translations/en.CD00000444.pdf},
  urldate = {2020-02-18}
}

@online{RPIGREENHOUSE,
  title   = {Build your own automatic Raspberry Pi Greenhouse},
  url     = {https://tutorials-raspberrypi.com/build-your-own-automatic-raspberry-pi-greenhouse/},
  urldate = {2020-02-20}
}

@online{VNH2SP30,
  author  = {{STMicroelectronics}},
  title   = {VNH2SP30-E datasheet},
  url     = {https://www.elecrow.com/download/VNH2SP30%20Datasheet.pdf},
  urldate = {2020-02-18}
}
